%YAML 1.1
%TAG !u! tag:unity3d.com,2011:
--- !u!29 &1
OcclusionCullingSettings:
  m_ObjectHideFlags: 0
  serializedVersion: 2
  m_OcclusionBakeSettings:
    smallestOccluder: 5
    smallestHole: 0.25
    backfaceThreshold: 100
  m_SceneGUID: 00000000000000000000000000000000
  m_OcclusionCullingData: {fileID: 0}
--- !u!104 &2
RenderSettings:
  m_ObjectHideFlags: 0
  serializedVersion: 9
  m_Fog: 0
  m_FogColor: {r: 0.5, g: 0.5, b: 0.5, a: 1}
  m_FogMode: 3
  m_FogDensity: 0.01
  m_LinearFogStart: 0
  m_LinearFogEnd: 300
  m_AmbientSkyColor: {r: 0.212, g: 0.227, b: 0.259, a: 1}
  m_AmbientEquatorColor: {r: 0.114, g: 0.125, b: 0.133, a: 1}
  m_AmbientGroundColor: {r: 0.047, g: 0.043, b: 0.035, a: 1}
  m_AmbientIntensity: 1
  m_AmbientMode: 3
  m_SubtractiveShadowColor: {r: 0.42, g: 0.478, b: 0.627, a: 1}
  m_SkyboxMaterial: {fileID: 0}
  m_HaloStrength: 0.5
  m_FlareStrength: 1
  m_FlareFadeSpeed: 3
  m_HaloTexture: {fileID: 0}
  m_SpotCookie: {fileID: 10001, guid: 0000000000000000e000000000000000, type: 0}
  m_DefaultReflectionMode: 0
  m_DefaultReflectionResolution: 128
  m_ReflectionBounces: 1
  m_ReflectionIntensity: 1
  m_CustomReflection: {fileID: 0}
  m_Sun: {fileID: 0}
  m_IndirectSpecularColor: {r: 0, g: 0, b: 0, a: 1}
  m_UseRadianceAmbientProbe: 0
--- !u!157 &3
LightmapSettings:
  m_ObjectHideFlags: 0
  serializedVersion: 12
  m_GIWorkflowMode: 1
  m_GISettings:
    serializedVersion: 2
    m_BounceScale: 1
    m_IndirectOutputScale: 1
    m_AlbedoBoost: 1
    m_EnvironmentLightingMode: 0
    m_EnableBakedLightmaps: 0
    m_EnableRealtimeLightmaps: 0
  m_LightmapEditorSettings:
    serializedVersion: 12
    m_Resolution: 2
    m_BakeResolution: 40
    m_AtlasSize: 1024
    m_AO: 0
    m_AOMaxDistance: 1
    m_CompAOExponent: 1
    m_CompAOExponentDirect: 0
    m_ExtractAmbientOcclusion: 0
    m_Padding: 2
    m_LightmapParameters: {fileID: 0}
    m_LightmapsBakeMode: 1
    m_TextureCompression: 1
    m_FinalGather: 0
    m_FinalGatherFiltering: 1
    m_FinalGatherRayCount: 256
    m_ReflectionCompression: 2
    m_MixedBakeMode: 2
    m_BakeBackend: 0
    m_PVRSampling: 1
    m_PVRDirectSampleCount: 32
    m_PVRSampleCount: 500
    m_PVRBounces: 2
    m_PVREnvironmentSampleCount: 500
    m_PVREnvironmentReferencePointCount: 2048
    m_PVRFilteringMode: 2
    m_PVRDenoiserTypeDirect: 0
    m_PVRDenoiserTypeIndirect: 0
    m_PVRDenoiserTypeAO: 0
    m_PVRFilterTypeDirect: 0
    m_PVRFilterTypeIndirect: 0
    m_PVRFilterTypeAO: 0
    m_PVREnvironmentMIS: 0
    m_PVRCulling: 1
    m_PVRFilteringGaussRadiusDirect: 1
    m_PVRFilteringGaussRadiusIndirect: 5
    m_PVRFilteringGaussRadiusAO: 2
    m_PVRFilteringAtrousPositionSigmaDirect: 0.5
    m_PVRFilteringAtrousPositionSigmaIndirect: 2
    m_PVRFilteringAtrousPositionSigmaAO: 1
    m_ExportTrainingData: 0
    m_TrainingDataDestination: TrainingData
    m_LightProbeSampleCountMultiplier: 4
  m_LightingDataAsset: {fileID: 0}
  m_LightingSettings: {fileID: 0}
--- !u!196 &4
NavMeshSettings:
  serializedVersion: 2
  m_ObjectHideFlags: 0
  m_BuildSettings:
    serializedVersion: 2
    agentTypeID: 0
    agentRadius: 0.5
    agentHeight: 2
    agentSlope: 45
    agentClimb: 0.4
    ledgeDropHeight: 0
    maxJumpAcrossDistance: 0
    minRegionArea: 2
    manualCellSize: 0
    cellSize: 0.16666667
    manualTileSize: 0
    tileSize: 256
    accuratePlacement: 0
    maxJobWorkers: 0
    preserveTilesOutsideBounds: 0
    debug:
      m_Flags: 0
  m_NavMeshData: {fileID: 0}
--- !u!1 &6713691
GameObject:
  m_ObjectHideFlags: 0
  m_CorrespondingSourceObject: {fileID: 0}
  m_PrefabInstance: {fileID: 0}
  m_PrefabAsset: {fileID: 0}
  serializedVersion: 6
  m_Component:
  - component: {fileID: 6713693}
  - component: {fileID: 6713692}
  - component: {fileID: 6713694}
  m_Layer: 8
  m_Name: Summer Ground
  m_TagString: Untagged
  m_Icon: {fileID: 0}
  m_NavMeshLayer: 0
  m_StaticEditorFlags: 0
  m_IsActive: 1
--- !u!212 &6713692
SpriteRenderer:
  m_ObjectHideFlags: 0
  m_CorrespondingSourceObject: {fileID: 0}
  m_PrefabInstance: {fileID: 0}
  m_PrefabAsset: {fileID: 0}
  m_GameObject: {fileID: 6713691}
  m_Enabled: 1
  m_CastShadows: 0
  m_ReceiveShadows: 0
  m_DynamicOccludee: 1
  m_MotionVectors: 1
  m_LightProbeUsage: 1
  m_ReflectionProbeUsage: 1
  m_RayTracingMode: 0
  m_RayTraceProcedural: 0
  m_RenderingLayerMask: 1
  m_RendererPriority: 0
  m_Materials:
  - {fileID: 10754, guid: 0000000000000000f000000000000000, type: 0}
  m_StaticBatchInfo:
    firstSubMesh: 0
    subMeshCount: 0
  m_StaticBatchRoot: {fileID: 0}
  m_ProbeAnchor: {fileID: 0}
  m_LightProbeVolumeOverride: {fileID: 0}
  m_ScaleInLightmap: 1
  m_ReceiveGI: 1
  m_PreserveUVs: 0
  m_IgnoreNormalsForChartDetection: 0
  m_ImportantGI: 0
  m_StitchLightmapSeams: 1
  m_SelectedEditorRenderState: 0
  m_MinimumChartSize: 4
  m_AutoUVMaxDistance: 0.5
  m_AutoUVMaxAngle: 89
  m_LightmapParameters: {fileID: 0}
  m_SortingLayerID: 0
  m_SortingLayer: 0
  m_SortingOrder: 0
  m_Sprite: {fileID: 21300000, guid: ff1562ecb64bba045ba4a05c088e28ce, type: 3}
  m_Color: {r: 1, g: 1, b: 1, a: 1}
  m_FlipX: 0
  m_FlipY: 0
  m_DrawMode: 2
  m_Size: {x: 149.2294, y: 2}
  m_AdaptiveModeThreshold: 0.5
  m_SpriteTileMode: 0
  m_WasSpriteAssigned: 1
  m_MaskInteraction: 0
  m_SpriteSortPoint: 0
--- !u!4 &6713693
Transform:
  m_ObjectHideFlags: 0
  m_CorrespondingSourceObject: {fileID: 0}
  m_PrefabInstance: {fileID: 0}
  m_PrefabAsset: {fileID: 0}
  m_GameObject: {fileID: 6713691}
  m_LocalRotation: {x: 0, y: 0, z: 0, w: 1}
  m_LocalPosition: {x: 0, y: -4, z: 0}
  m_LocalScale: {x: 1, y: 1, z: 1}
  m_Children: []
  m_Father: {fileID: 0}
  m_RootOrder: 0
  m_LocalEulerAnglesHint: {x: 0, y: 0, z: 0}
--- !u!61 &6713694
BoxCollider2D:
  m_ObjectHideFlags: 0
  m_CorrespondingSourceObject: {fileID: 0}
  m_PrefabInstance: {fileID: 0}
  m_PrefabAsset: {fileID: 0}
  m_GameObject: {fileID: 6713691}
  m_Enabled: 1
  m_Density: 1
  m_Material: {fileID: 0}
  m_IsTrigger: 0
  m_UsedByEffector: 0
  m_UsedByComposite: 0
  m_Offset: {x: 0, y: 0}
  m_SpriteTilingProperty:
    border: {x: 0, y: 0, z: 0, w: 0}
    pivot: {x: 0.5, y: 0.5}
    oldSize: {x: 2, y: 2}
    newSize: {x: 149.2294, y: 2}
    adaptiveTilingThreshold: 0.5
    drawMode: 2
    adaptiveTiling: 0
  m_AutoTiling: 1
  serializedVersion: 2
  m_Size: {x: 2, y: 2}
  m_EdgeRadius: 0
--- !u!1001 &32821675
PrefabInstance:
  m_ObjectHideFlags: 0
  serializedVersion: 2
  m_Modification:
    m_TransformParent: {fileID: 0}
    m_Modifications:
    - target: {fileID: 6513184584712842168, guid: 4f973c412a8d6ca4f9ea57b9a5edd43b, type: 3}
      propertyPath: m_RootOrder
      value: 10
      objectReference: {fileID: 0}
    - target: {fileID: 6513184584712842168, guid: 4f973c412a8d6ca4f9ea57b9a5edd43b, type: 3}
      propertyPath: m_LocalPosition.x
      value: 5
      objectReference: {fileID: 0}
    - target: {fileID: 6513184584712842168, guid: 4f973c412a8d6ca4f9ea57b9a5edd43b, type: 3}
      propertyPath: m_LocalPosition.y
      value: -1.5
      objectReference: {fileID: 0}
    - target: {fileID: 6513184584712842168, guid: 4f973c412a8d6ca4f9ea57b9a5edd43b, type: 3}
      propertyPath: m_LocalPosition.z
      value: 0
      objectReference: {fileID: 0}
    - target: {fileID: 6513184584712842168, guid: 4f973c412a8d6ca4f9ea57b9a5edd43b, type: 3}
      propertyPath: m_LocalRotation.w
      value: 1
      objectReference: {fileID: 0}
    - target: {fileID: 6513184584712842168, guid: 4f973c412a8d6ca4f9ea57b9a5edd43b, type: 3}
      propertyPath: m_LocalRotation.x
      value: 0
      objectReference: {fileID: 0}
    - target: {fileID: 6513184584712842168, guid: 4f973c412a8d6ca4f9ea57b9a5edd43b, type: 3}
      propertyPath: m_LocalRotation.y
      value: 0
      objectReference: {fileID: 0}
    - target: {fileID: 6513184584712842168, guid: 4f973c412a8d6ca4f9ea57b9a5edd43b, type: 3}
      propertyPath: m_LocalRotation.z
      value: 0
      objectReference: {fileID: 0}
    - target: {fileID: 6513184584712842168, guid: 4f973c412a8d6ca4f9ea57b9a5edd43b, type: 3}
      propertyPath: m_LocalEulerAnglesHint.x
      value: 0
      objectReference: {fileID: 0}
    - target: {fileID: 6513184584712842168, guid: 4f973c412a8d6ca4f9ea57b9a5edd43b, type: 3}
      propertyPath: m_LocalEulerAnglesHint.y
      value: 0
      objectReference: {fileID: 0}
    - target: {fileID: 6513184584712842168, guid: 4f973c412a8d6ca4f9ea57b9a5edd43b, type: 3}
      propertyPath: m_LocalEulerAnglesHint.z
      value: 0
      objectReference: {fileID: 0}
    - target: {fileID: 6513184584712842169, guid: 4f973c412a8d6ca4f9ea57b9a5edd43b, type: 3}
      propertyPath: m_FlipX
      value: 1
      objectReference: {fileID: 0}
    - target: {fileID: 6513184584712842169, guid: 4f973c412a8d6ca4f9ea57b9a5edd43b, type: 3}
      propertyPath: m_FlipY
      value: 1
      objectReference: {fileID: 0}
    - target: {fileID: 6513184584712842169, guid: 4f973c412a8d6ca4f9ea57b9a5edd43b, type: 3}
      propertyPath: m_Sprite
      value: 
      objectReference: {fileID: 21300000, guid: f887dcd05d9be1940b0557e1c0347d6b, type: 3}
    - target: {fileID: 6513184584712842172, guid: 4f973c412a8d6ca4f9ea57b9a5edd43b, type: 3}
      propertyPath: m_Name
      value: Crate 1 (8)
      objectReference: {fileID: 0}
    - target: {fileID: 6513184584712842172, guid: 4f973c412a8d6ca4f9ea57b9a5edd43b, type: 3}
      propertyPath: m_Layer
      value: 7
      objectReference: {fileID: 0}
    m_RemovedComponents: []
  m_SourcePrefab: {fileID: 100100000, guid: 4f973c412a8d6ca4f9ea57b9a5edd43b, type: 3}
--- !u!1001 &80462687
PrefabInstance:
  m_ObjectHideFlags: 0
  serializedVersion: 2
  m_Modification:
    m_TransformParent: {fileID: 0}
    m_Modifications:
    - target: {fileID: 6513184584712842168, guid: 4f973c412a8d6ca4f9ea57b9a5edd43b, type: 3}
      propertyPath: m_RootOrder
      value: 6
      objectReference: {fileID: 0}
    - target: {fileID: 6513184584712842168, guid: 4f973c412a8d6ca4f9ea57b9a5edd43b, type: 3}
      propertyPath: m_LocalPosition.x
      value: 3
      objectReference: {fileID: 0}
    - target: {fileID: 6513184584712842168, guid: 4f973c412a8d6ca4f9ea57b9a5edd43b, type: 3}
      propertyPath: m_LocalPosition.y
      value: 0.5
      objectReference: {fileID: 0}
    - target: {fileID: 6513184584712842168, guid: 4f973c412a8d6ca4f9ea57b9a5edd43b, type: 3}
      propertyPath: m_LocalPosition.z
      value: 0
      objectReference: {fileID: 0}
    - target: {fileID: 6513184584712842168, guid: 4f973c412a8d6ca4f9ea57b9a5edd43b, type: 3}
      propertyPath: m_LocalRotation.w
      value: 1
      objectReference: {fileID: 0}
    - target: {fileID: 6513184584712842168, guid: 4f973c412a8d6ca4f9ea57b9a5edd43b, type: 3}
      propertyPath: m_LocalRotation.x
      value: 0
      objectReference: {fileID: 0}
    - target: {fileID: 6513184584712842168, guid: 4f973c412a8d6ca4f9ea57b9a5edd43b, type: 3}
      propertyPath: m_LocalRotation.y
      value: 0
      objectReference: {fileID: 0}
    - target: {fileID: 6513184584712842168, guid: 4f973c412a8d6ca4f9ea57b9a5edd43b, type: 3}
      propertyPath: m_LocalRotation.z
      value: 0
      objectReference: {fileID: 0}
    - target: {fileID: 6513184584712842168, guid: 4f973c412a8d6ca4f9ea57b9a5edd43b, type: 3}
      propertyPath: m_LocalEulerAnglesHint.x
      value: 0
      objectReference: {fileID: 0}
    - target: {fileID: 6513184584712842168, guid: 4f973c412a8d6ca4f9ea57b9a5edd43b, type: 3}
      propertyPath: m_LocalEulerAnglesHint.y
      value: 0
      objectReference: {fileID: 0}
    - target: {fileID: 6513184584712842168, guid: 4f973c412a8d6ca4f9ea57b9a5edd43b, type: 3}
      propertyPath: m_LocalEulerAnglesHint.z
      value: 0
      objectReference: {fileID: 0}
    - target: {fileID: 6513184584712842169, guid: 4f973c412a8d6ca4f9ea57b9a5edd43b, type: 3}
      propertyPath: m_FlipX
      value: 1
      objectReference: {fileID: 0}
    - target: {fileID: 6513184584712842169, guid: 4f973c412a8d6ca4f9ea57b9a5edd43b, type: 3}
      propertyPath: m_FlipY
      value: 1
      objectReference: {fileID: 0}
    - target: {fileID: 6513184584712842169, guid: 4f973c412a8d6ca4f9ea57b9a5edd43b, type: 3}
      propertyPath: m_Sprite
      value: 
      objectReference: {fileID: 21300000, guid: f887dcd05d9be1940b0557e1c0347d6b, type: 3}
    - target: {fileID: 6513184584712842172, guid: 4f973c412a8d6ca4f9ea57b9a5edd43b, type: 3}
      propertyPath: m_Name
      value: Crate 1 (3)
      objectReference: {fileID: 0}
    - target: {fileID: 6513184584712842172, guid: 4f973c412a8d6ca4f9ea57b9a5edd43b, type: 3}
      propertyPath: m_Layer
      value: 7
      objectReference: {fileID: 0}
    m_RemovedComponents: []
  m_SourcePrefab: {fileID: 100100000, guid: 4f973c412a8d6ca4f9ea57b9a5edd43b, type: 3}
--- !u!1001 &132444438
PrefabInstance:
  m_ObjectHideFlags: 0
  serializedVersion: 2
  m_Modification:
    m_TransformParent: {fileID: 0}
    m_Modifications:
    - target: {fileID: 5030876513180260959, guid: c750d99a75bc9bc49bebbfb25ddd7e25, type: 3}
      propertyPath: m_LocalPosition.x
      value: -0.42459056
      objectReference: {fileID: 0}
    - target: {fileID: 5030876513180260959, guid: c750d99a75bc9bc49bebbfb25ddd7e25, type: 3}
      propertyPath: m_LocalPosition.y
      value: -1.553546
      objectReference: {fileID: 0}
    - target: {fileID: 5030876513180260959, guid: c750d99a75bc9bc49bebbfb25ddd7e25, type: 3}
      propertyPath: m_LocalPosition.z
      value: -10.523764
      objectReference: {fileID: 0}
    - target: {fileID: 8409018035362124943, guid: c750d99a75bc9bc49bebbfb25ddd7e25, type: 3}
      propertyPath: m_RootOrder
      value: 18
      objectReference: {fileID: 0}
    - target: {fileID: 8409018035362124943, guid: c750d99a75bc9bc49bebbfb25ddd7e25, type: 3}
      propertyPath: m_LocalPosition.x
      value: 0.17459056
      objectReference: {fileID: 0}
    - target: {fileID: 8409018035362124943, guid: c750d99a75bc9bc49bebbfb25ddd7e25, type: 3}
      propertyPath: m_LocalPosition.y
      value: 1.553546
      objectReference: {fileID: 0}
    - target: {fileID: 8409018035362124943, guid: c750d99a75bc9bc49bebbfb25ddd7e25, type: 3}
      propertyPath: m_LocalPosition.z
      value: -1.9762359
      objectReference: {fileID: 0}
    - target: {fileID: 8409018035362124943, guid: c750d99a75bc9bc49bebbfb25ddd7e25, type: 3}
      propertyPath: m_LocalRotation.w
      value: 1
      objectReference: {fileID: 0}
    - target: {fileID: 8409018035362124943, guid: c750d99a75bc9bc49bebbfb25ddd7e25, type: 3}
      propertyPath: m_LocalRotation.x
      value: 0
      objectReference: {fileID: 0}
    - target: {fileID: 8409018035362124943, guid: c750d99a75bc9bc49bebbfb25ddd7e25, type: 3}
      propertyPath: m_LocalRotation.y
      value: 0
      objectReference: {fileID: 0}
    - target: {fileID: 8409018035362124943, guid: c750d99a75bc9bc49bebbfb25ddd7e25, type: 3}
      propertyPath: m_LocalRotation.z
      value: 0
      objectReference: {fileID: 0}
    - target: {fileID: 8409018035362124943, guid: c750d99a75bc9bc49bebbfb25ddd7e25, type: 3}
      propertyPath: m_LocalEulerAnglesHint.x
      value: 0
      objectReference: {fileID: 0}
    - target: {fileID: 8409018035362124943, guid: c750d99a75bc9bc49bebbfb25ddd7e25, type: 3}
      propertyPath: m_LocalEulerAnglesHint.y
      value: 0
      objectReference: {fileID: 0}
    - target: {fileID: 8409018035362124943, guid: c750d99a75bc9bc49bebbfb25ddd7e25, type: 3}
      propertyPath: m_LocalEulerAnglesHint.z
      value: 0
      objectReference: {fileID: 0}
    - target: {fileID: 8409018035362124976, guid: c750d99a75bc9bc49bebbfb25ddd7e25, type: 3}
      propertyPath: m_Name
      value: CameraSetup
      objectReference: {fileID: 0}
    - target: {fileID: 8409018035520673135, guid: c750d99a75bc9bc49bebbfb25ddd7e25, type: 3}
      propertyPath: m_LocalPosition.x
      value: -0.42459056
      objectReference: {fileID: 0}
    - target: {fileID: 8409018035520673135, guid: c750d99a75bc9bc49bebbfb25ddd7e25, type: 3}
      propertyPath: m_LocalPosition.y
      value: -1.553546
      objectReference: {fileID: 0}
    - target: {fileID: 8409018035520673135, guid: c750d99a75bc9bc49bebbfb25ddd7e25, type: 3}
      propertyPath: m_LocalPosition.z
      value: -10.523764
      objectReference: {fileID: 0}
    - target: {fileID: 8409018035520673168, guid: c750d99a75bc9bc49bebbfb25ddd7e25, type: 3}
      propertyPath: orthographic size
      value: 8.277467
      objectReference: {fileID: 0}
    - target: {fileID: 8409018035804022273, guid: c750d99a75bc9bc49bebbfb25ddd7e25, type: 3}
      propertyPath: m_LocalPosition.x
      value: -0.42459056
      objectReference: {fileID: 0}
    - target: {fileID: 8409018035804022273, guid: c750d99a75bc9bc49bebbfb25ddd7e25, type: 3}
      propertyPath: m_LocalPosition.y
      value: -1.553546
      objectReference: {fileID: 0}
    - target: {fileID: 8409018035804022274, guid: c750d99a75bc9bc49bebbfb25ddd7e25, type: 3}
      propertyPath: m_Targets.Array.size
      value: 5
      objectReference: {fileID: 0}
    - target: {fileID: 8409018035804022274, guid: c750d99a75bc9bc49bebbfb25ddd7e25, type: 3}
      propertyPath: m_Targets.Array.data[0].target
      value: 
      objectReference: {fileID: 856412343}
    - target: {fileID: 8409018035804022274, guid: c750d99a75bc9bc49bebbfb25ddd7e25, type: 3}
      propertyPath: m_Targets.Array.data[1].target
      value: 
      objectReference: {fileID: 788576519}
    - target: {fileID: 8409018035804022274, guid: c750d99a75bc9bc49bebbfb25ddd7e25, type: 3}
      propertyPath: m_Targets.Array.data[2].target
      value: 
      objectReference: {fileID: 1635516301}
    - target: {fileID: 8409018035804022274, guid: c750d99a75bc9bc49bebbfb25ddd7e25, type: 3}
      propertyPath: m_Targets.Array.data[3].radius
      value: 1.5
      objectReference: {fileID: 0}
    - target: {fileID: 8409018035804022274, guid: c750d99a75bc9bc49bebbfb25ddd7e25, type: 3}
      propertyPath: m_Targets.Array.data[3].target
      value: 
      objectReference: {fileID: 2050166254}
    - target: {fileID: 8409018035804022274, guid: c750d99a75bc9bc49bebbfb25ddd7e25, type: 3}
      propertyPath: m_Targets.Array.data[3].weight
      value: 1
      objectReference: {fileID: 0}
    - target: {fileID: 8409018035804022274, guid: c750d99a75bc9bc49bebbfb25ddd7e25, type: 3}
      propertyPath: m_Targets.Array.data[4].radius
      value: 1.5
      objectReference: {fileID: 0}
    - target: {fileID: 8409018035804022274, guid: c750d99a75bc9bc49bebbfb25ddd7e25, type: 3}
      propertyPath: m_Targets.Array.data[4].target
      value: 
      objectReference: {fileID: 1628992306}
    - target: {fileID: 8409018035804022274, guid: c750d99a75bc9bc49bebbfb25ddd7e25, type: 3}
      propertyPath: m_Targets.Array.data[4].weight
      value: 1
      objectReference: {fileID: 0}
    m_RemovedComponents: []
  m_SourcePrefab: {fileID: 100100000, guid: c750d99a75bc9bc49bebbfb25ddd7e25, type: 3}
--- !u!1 &249588862
GameObject:
  m_ObjectHideFlags: 0
  m_CorrespondingSourceObject: {fileID: 0}
  m_PrefabInstance: {fileID: 0}
  m_PrefabAsset: {fileID: 0}
  serializedVersion: 6
  m_Component:
  - component: {fileID: 249588864}
  - component: {fileID: 249588863}
  m_Layer: 8
  m_Name: Summer Background
  m_TagString: Untagged
  m_Icon: {fileID: 0}
  m_NavMeshLayer: 0
  m_StaticEditorFlags: 0
  m_IsActive: 1
--- !u!212 &249588863
SpriteRenderer:
  m_ObjectHideFlags: 0
  m_CorrespondingSourceObject: {fileID: 0}
  m_PrefabInstance: {fileID: 0}
  m_PrefabAsset: {fileID: 0}
  m_GameObject: {fileID: 249588862}
  m_Enabled: 1
  m_CastShadows: 0
  m_ReceiveShadows: 0
  m_DynamicOccludee: 1
  m_MotionVectors: 1
  m_LightProbeUsage: 1
  m_ReflectionProbeUsage: 1
  m_RayTracingMode: 0
  m_RayTraceProcedural: 0
  m_RenderingLayerMask: 1
  m_RendererPriority: 0
  m_Materials:
  - {fileID: 10754, guid: 0000000000000000f000000000000000, type: 0}
  m_StaticBatchInfo:
    firstSubMesh: 0
    subMeshCount: 0
  m_StaticBatchRoot: {fileID: 0}
  m_ProbeAnchor: {fileID: 0}
  m_LightProbeVolumeOverride: {fileID: 0}
  m_ScaleInLightmap: 1
  m_ReceiveGI: 1
  m_PreserveUVs: 0
  m_IgnoreNormalsForChartDetection: 0
  m_ImportantGI: 0
  m_StitchLightmapSeams: 1
  m_SelectedEditorRenderState: 0
  m_MinimumChartSize: 4
  m_AutoUVMaxDistance: 0.5
  m_AutoUVMaxAngle: 89
  m_LightmapParameters: {fileID: 0}
  m_SortingLayerID: 1125106147
  m_SortingLayer: -1
  m_SortingOrder: 0
  m_Sprite: {fileID: 21300000, guid: 0b8bbf5199d0038458f583e0aa7b88f5, type: 3}
  m_Color: {r: 1, g: 1, b: 1, a: 1}
  m_FlipX: 0
  m_FlipY: 0
  m_DrawMode: 2
  m_Size: {x: 151.87036, y: 14.4225}
  m_AdaptiveModeThreshold: 0.5
  m_SpriteTileMode: 0
  m_WasSpriteAssigned: 1
  m_MaskInteraction: 0
  m_SpriteSortPoint: 0
--- !u!4 &249588864
Transform:
  m_ObjectHideFlags: 0
  m_CorrespondingSourceObject: {fileID: 0}
  m_PrefabInstance: {fileID: 0}
  m_PrefabAsset: {fileID: 0}
  m_GameObject: {fileID: 249588862}
  m_LocalRotation: {x: 0, y: 0, z: 0, w: 1}
  m_LocalPosition: {x: 0, y: 8, z: 0}
  m_LocalScale: {x: 1.5, y: 1.75, z: 1}
  m_Children: []
  m_Father: {fileID: 0}
  m_RootOrder: 2
  m_LocalEulerAnglesHint: {x: 0, y: 0, z: 0}
--- !u!1001 &258699671
PrefabInstance:
  m_ObjectHideFlags: 0
  serializedVersion: 2
  m_Modification:
    m_TransformParent: {fileID: 0}
    m_Modifications:
    - target: {fileID: 6513184584712842168, guid: 4f973c412a8d6ca4f9ea57b9a5edd43b, type: 3}
      propertyPath: m_RootOrder
      value: 8
      objectReference: {fileID: 0}
    - target: {fileID: 6513184584712842168, guid: 4f973c412a8d6ca4f9ea57b9a5edd43b, type: 3}
      propertyPath: m_LocalPosition.x
      value: 6
      objectReference: {fileID: 0}
    - target: {fileID: 6513184584712842168, guid: 4f973c412a8d6ca4f9ea57b9a5edd43b, type: 3}
      propertyPath: m_LocalPosition.y
      value: 0.5
      objectReference: {fileID: 0}
    - target: {fileID: 6513184584712842168, guid: 4f973c412a8d6ca4f9ea57b9a5edd43b, type: 3}
      propertyPath: m_LocalPosition.z
      value: 0
      objectReference: {fileID: 0}
    - target: {fileID: 6513184584712842168, guid: 4f973c412a8d6ca4f9ea57b9a5edd43b, type: 3}
      propertyPath: m_LocalRotation.w
      value: 1
      objectReference: {fileID: 0}
    - target: {fileID: 6513184584712842168, guid: 4f973c412a8d6ca4f9ea57b9a5edd43b, type: 3}
      propertyPath: m_LocalRotation.x
      value: 0
      objectReference: {fileID: 0}
    - target: {fileID: 6513184584712842168, guid: 4f973c412a8d6ca4f9ea57b9a5edd43b, type: 3}
      propertyPath: m_LocalRotation.y
      value: 0
      objectReference: {fileID: 0}
    - target: {fileID: 6513184584712842168, guid: 4f973c412a8d6ca4f9ea57b9a5edd43b, type: 3}
      propertyPath: m_LocalRotation.z
      value: 0
      objectReference: {fileID: 0}
    - target: {fileID: 6513184584712842168, guid: 4f973c412a8d6ca4f9ea57b9a5edd43b, type: 3}
      propertyPath: m_LocalEulerAnglesHint.x
      value: 0
      objectReference: {fileID: 0}
    - target: {fileID: 6513184584712842168, guid: 4f973c412a8d6ca4f9ea57b9a5edd43b, type: 3}
      propertyPath: m_LocalEulerAnglesHint.y
      value: 0
      objectReference: {fileID: 0}
    - target: {fileID: 6513184584712842168, guid: 4f973c412a8d6ca4f9ea57b9a5edd43b, type: 3}
      propertyPath: m_LocalEulerAnglesHint.z
      value: 0
      objectReference: {fileID: 0}
    - target: {fileID: 6513184584712842169, guid: 4f973c412a8d6ca4f9ea57b9a5edd43b, type: 3}
      propertyPath: m_FlipY
      value: 1
      objectReference: {fileID: 0}
    - target: {fileID: 6513184584712842172, guid: 4f973c412a8d6ca4f9ea57b9a5edd43b, type: 3}
      propertyPath: m_Name
      value: Crate 1 (5)
      objectReference: {fileID: 0}
    - target: {fileID: 6513184584712842172, guid: 4f973c412a8d6ca4f9ea57b9a5edd43b, type: 3}
      propertyPath: m_Layer
      value: 7
      objectReference: {fileID: 0}
    m_RemovedComponents: []
  m_SourcePrefab: {fileID: 100100000, guid: 4f973c412a8d6ca4f9ea57b9a5edd43b, type: 3}
--- !u!1001 &361695438
PrefabInstance:
  m_ObjectHideFlags: 0
  serializedVersion: 2
  m_Modification:
    m_TransformParent: {fileID: 0}
    m_Modifications:
    - target: {fileID: 6513184584712842168, guid: 4f973c412a8d6ca4f9ea57b9a5edd43b, type: 3}
      propertyPath: m_RootOrder
      value: 21
      objectReference: {fileID: 0}
    - target: {fileID: 6513184584712842168, guid: 4f973c412a8d6ca4f9ea57b9a5edd43b, type: 3}
      propertyPath: m_LocalPosition.x
      value: 5.5
      objectReference: {fileID: 0}
    - target: {fileID: 6513184584712842168, guid: 4f973c412a8d6ca4f9ea57b9a5edd43b, type: 3}
      propertyPath: m_LocalPosition.y
      value: 1.5
      objectReference: {fileID: 0}
    - target: {fileID: 6513184584712842168, guid: 4f973c412a8d6ca4f9ea57b9a5edd43b, type: 3}
      propertyPath: m_LocalPosition.z
      value: 0
      objectReference: {fileID: 0}
    - target: {fileID: 6513184584712842168, guid: 4f973c412a8d6ca4f9ea57b9a5edd43b, type: 3}
      propertyPath: m_LocalRotation.w
      value: 1
      objectReference: {fileID: 0}
    - target: {fileID: 6513184584712842168, guid: 4f973c412a8d6ca4f9ea57b9a5edd43b, type: 3}
      propertyPath: m_LocalRotation.x
      value: 0
      objectReference: {fileID: 0}
    - target: {fileID: 6513184584712842168, guid: 4f973c412a8d6ca4f9ea57b9a5edd43b, type: 3}
      propertyPath: m_LocalRotation.y
      value: 0
      objectReference: {fileID: 0}
    - target: {fileID: 6513184584712842168, guid: 4f973c412a8d6ca4f9ea57b9a5edd43b, type: 3}
      propertyPath: m_LocalRotation.z
      value: 0
      objectReference: {fileID: 0}
    - target: {fileID: 6513184584712842168, guid: 4f973c412a8d6ca4f9ea57b9a5edd43b, type: 3}
      propertyPath: m_LocalEulerAnglesHint.x
      value: 0
      objectReference: {fileID: 0}
    - target: {fileID: 6513184584712842168, guid: 4f973c412a8d6ca4f9ea57b9a5edd43b, type: 3}
      propertyPath: m_LocalEulerAnglesHint.y
      value: 0
      objectReference: {fileID: 0}
    - target: {fileID: 6513184584712842168, guid: 4f973c412a8d6ca4f9ea57b9a5edd43b, type: 3}
      propertyPath: m_LocalEulerAnglesHint.z
      value: 0
      objectReference: {fileID: 0}
    - target: {fileID: 6513184584712842169, guid: 4f973c412a8d6ca4f9ea57b9a5edd43b, type: 3}
      propertyPath: m_FlipX
      value: 1
      objectReference: {fileID: 0}
    - target: {fileID: 6513184584712842169, guid: 4f973c412a8d6ca4f9ea57b9a5edd43b, type: 3}
      propertyPath: m_FlipY
      value: 1
      objectReference: {fileID: 0}
    - target: {fileID: 6513184584712842169, guid: 4f973c412a8d6ca4f9ea57b9a5edd43b, type: 3}
      propertyPath: m_Sprite
      value: 
      objectReference: {fileID: 21300000, guid: f887dcd05d9be1940b0557e1c0347d6b, type: 3}
    - target: {fileID: 6513184584712842172, guid: 4f973c412a8d6ca4f9ea57b9a5edd43b, type: 3}
      propertyPath: m_Name
      value: Crate 1 (12)
      objectReference: {fileID: 0}
    - target: {fileID: 6513184584712842172, guid: 4f973c412a8d6ca4f9ea57b9a5edd43b, type: 3}
      propertyPath: m_Layer
      value: 7
      objectReference: {fileID: 0}
    m_RemovedComponents: []
  m_SourcePrefab: {fileID: 100100000, guid: 4f973c412a8d6ca4f9ea57b9a5edd43b, type: 3}
--- !u!1001 &389736201
PrefabInstance:
  m_ObjectHideFlags: 0
  serializedVersion: 2
  m_Modification:
    m_TransformParent: {fileID: 0}
    m_Modifications:
    - target: {fileID: 6513184584712842168, guid: 4f973c412a8d6ca4f9ea57b9a5edd43b, type: 3}
      propertyPath: m_RootOrder
      value: 19
      objectReference: {fileID: 0}
    - target: {fileID: 6513184584712842168, guid: 4f973c412a8d6ca4f9ea57b9a5edd43b, type: 3}
      propertyPath: m_LocalPosition.x
      value: 3.5
      objectReference: {fileID: 0}
    - target: {fileID: 6513184584712842168, guid: 4f973c412a8d6ca4f9ea57b9a5edd43b, type: 3}
      propertyPath: m_LocalPosition.y
      value: 1.5
      objectReference: {fileID: 0}
    - target: {fileID: 6513184584712842168, guid: 4f973c412a8d6ca4f9ea57b9a5edd43b, type: 3}
      propertyPath: m_LocalPosition.z
      value: 0
      objectReference: {fileID: 0}
    - target: {fileID: 6513184584712842168, guid: 4f973c412a8d6ca4f9ea57b9a5edd43b, type: 3}
      propertyPath: m_LocalRotation.w
      value: 1
      objectReference: {fileID: 0}
    - target: {fileID: 6513184584712842168, guid: 4f973c412a8d6ca4f9ea57b9a5edd43b, type: 3}
      propertyPath: m_LocalRotation.x
      value: 0
      objectReference: {fileID: 0}
    - target: {fileID: 6513184584712842168, guid: 4f973c412a8d6ca4f9ea57b9a5edd43b, type: 3}
      propertyPath: m_LocalRotation.y
      value: 0
      objectReference: {fileID: 0}
    - target: {fileID: 6513184584712842168, guid: 4f973c412a8d6ca4f9ea57b9a5edd43b, type: 3}
      propertyPath: m_LocalRotation.z
      value: 0
      objectReference: {fileID: 0}
    - target: {fileID: 6513184584712842168, guid: 4f973c412a8d6ca4f9ea57b9a5edd43b, type: 3}
      propertyPath: m_LocalEulerAnglesHint.x
      value: 0
      objectReference: {fileID: 0}
    - target: {fileID: 6513184584712842168, guid: 4f973c412a8d6ca4f9ea57b9a5edd43b, type: 3}
      propertyPath: m_LocalEulerAnglesHint.y
      value: 0
      objectReference: {fileID: 0}
    - target: {fileID: 6513184584712842168, guid: 4f973c412a8d6ca4f9ea57b9a5edd43b, type: 3}
      propertyPath: m_LocalEulerAnglesHint.z
      value: 0
      objectReference: {fileID: 0}
    - target: {fileID: 6513184584712842169, guid: 4f973c412a8d6ca4f9ea57b9a5edd43b, type: 3}
      propertyPath: m_FlipX
      value: 1
      objectReference: {fileID: 0}
    - target: {fileID: 6513184584712842169, guid: 4f973c412a8d6ca4f9ea57b9a5edd43b, type: 3}
      propertyPath: m_FlipY
      value: 1
      objectReference: {fileID: 0}
    - target: {fileID: 6513184584712842169, guid: 4f973c412a8d6ca4f9ea57b9a5edd43b, type: 3}
      propertyPath: m_Sprite
      value: 
      objectReference: {fileID: 21300000, guid: f887dcd05d9be1940b0557e1c0347d6b, type: 3}
    - target: {fileID: 6513184584712842172, guid: 4f973c412a8d6ca4f9ea57b9a5edd43b, type: 3}
      propertyPath: m_Name
      value: Crate 1 (10)
      objectReference: {fileID: 0}
    - target: {fileID: 6513184584712842172, guid: 4f973c412a8d6ca4f9ea57b9a5edd43b, type: 3}
      propertyPath: m_Layer
      value: 7
      objectReference: {fileID: 0}
    m_RemovedComponents: []
  m_SourcePrefab: {fileID: 100100000, guid: 4f973c412a8d6ca4f9ea57b9a5edd43b, type: 3}
--- !u!1001 &628402480
PrefabInstance:
  m_ObjectHideFlags: 0
  serializedVersion: 2
  m_Modification:
    m_TransformParent: {fileID: 0}
    m_Modifications:
    - target: {fileID: 6513184584712842168, guid: 4f973c412a8d6ca4f9ea57b9a5edd43b, type: 3}
      propertyPath: m_RootOrder
      value: 4
      objectReference: {fileID: 0}
    - target: {fileID: 6513184584712842168, guid: 4f973c412a8d6ca4f9ea57b9a5edd43b, type: 3}
      propertyPath: m_LocalPosition.x
      value: 4
      objectReference: {fileID: 0}
    - target: {fileID: 6513184584712842168, guid: 4f973c412a8d6ca4f9ea57b9a5edd43b, type: 3}
      propertyPath: m_LocalPosition.y
      value: -1.5
      objectReference: {fileID: 0}
    - target: {fileID: 6513184584712842168, guid: 4f973c412a8d6ca4f9ea57b9a5edd43b, type: 3}
      propertyPath: m_LocalPosition.z
      value: 0
      objectReference: {fileID: 0}
    - target: {fileID: 6513184584712842168, guid: 4f973c412a8d6ca4f9ea57b9a5edd43b, type: 3}
      propertyPath: m_LocalRotation.w
      value: 1
      objectReference: {fileID: 0}
    - target: {fileID: 6513184584712842168, guid: 4f973c412a8d6ca4f9ea57b9a5edd43b, type: 3}
      propertyPath: m_LocalRotation.x
      value: 0
      objectReference: {fileID: 0}
    - target: {fileID: 6513184584712842168, guid: 4f973c412a8d6ca4f9ea57b9a5edd43b, type: 3}
      propertyPath: m_LocalRotation.y
      value: 0
      objectReference: {fileID: 0}
    - target: {fileID: 6513184584712842168, guid: 4f973c412a8d6ca4f9ea57b9a5edd43b, type: 3}
      propertyPath: m_LocalRotation.z
      value: 0
      objectReference: {fileID: 0}
    - target: {fileID: 6513184584712842168, guid: 4f973c412a8d6ca4f9ea57b9a5edd43b, type: 3}
      propertyPath: m_LocalEulerAnglesHint.x
      value: 0
      objectReference: {fileID: 0}
    - target: {fileID: 6513184584712842168, guid: 4f973c412a8d6ca4f9ea57b9a5edd43b, type: 3}
      propertyPath: m_LocalEulerAnglesHint.y
      value: 0
      objectReference: {fileID: 0}
    - target: {fileID: 6513184584712842168, guid: 4f973c412a8d6ca4f9ea57b9a5edd43b, type: 3}
      propertyPath: m_LocalEulerAnglesHint.z
      value: 0
      objectReference: {fileID: 0}
    - target: {fileID: 6513184584712842169, guid: 4f973c412a8d6ca4f9ea57b9a5edd43b, type: 3}
      propertyPath: m_FlipY
      value: 1
      objectReference: {fileID: 0}
    - target: {fileID: 6513184584712842172, guid: 4f973c412a8d6ca4f9ea57b9a5edd43b, type: 3}
      propertyPath: m_Name
      value: Crate 1 (1)
      objectReference: {fileID: 0}
    - target: {fileID: 6513184584712842172, guid: 4f973c412a8d6ca4f9ea57b9a5edd43b, type: 3}
      propertyPath: m_Layer
      value: 7
      objectReference: {fileID: 0}
    m_RemovedComponents: []
  m_SourcePrefab: {fileID: 100100000, guid: 4f973c412a8d6ca4f9ea57b9a5edd43b, type: 3}
--- !u!1001 &660800500
PrefabInstance:
  m_ObjectHideFlags: 0
  serializedVersion: 2
  m_Modification:
    m_TransformParent: {fileID: 0}
    m_Modifications:
    - target: {fileID: 6513184584712842168, guid: 4f973c412a8d6ca4f9ea57b9a5edd43b, type: 3}
      propertyPath: m_RootOrder
      value: 12
      objectReference: {fileID: 0}
    - target: {fileID: 6513184584712842168, guid: 4f973c412a8d6ca4f9ea57b9a5edd43b, type: 3}
      propertyPath: m_LocalPosition.x
      value: 4.5
      objectReference: {fileID: 0}
    - target: {fileID: 6513184584712842168, guid: 4f973c412a8d6ca4f9ea57b9a5edd43b, type: 3}
      propertyPath: m_LocalPosition.y
      value: -0.5
      objectReference: {fileID: 0}
    - target: {fileID: 6513184584712842168, guid: 4f973c412a8d6ca4f9ea57b9a5edd43b, type: 3}
      propertyPath: m_LocalPosition.z
      value: 0
      objectReference: {fileID: 0}
    - target: {fileID: 6513184584712842168, guid: 4f973c412a8d6ca4f9ea57b9a5edd43b, type: 3}
      propertyPath: m_LocalRotation.w
      value: 1
      objectReference: {fileID: 0}
    - target: {fileID: 6513184584712842168, guid: 4f973c412a8d6ca4f9ea57b9a5edd43b, type: 3}
      propertyPath: m_LocalRotation.x
      value: 0
      objectReference: {fileID: 0}
    - target: {fileID: 6513184584712842168, guid: 4f973c412a8d6ca4f9ea57b9a5edd43b, type: 3}
      propertyPath: m_LocalRotation.y
      value: 0
      objectReference: {fileID: 0}
    - target: {fileID: 6513184584712842168, guid: 4f973c412a8d6ca4f9ea57b9a5edd43b, type: 3}
      propertyPath: m_LocalRotation.z
      value: 0
      objectReference: {fileID: 0}
    - target: {fileID: 6513184584712842168, guid: 4f973c412a8d6ca4f9ea57b9a5edd43b, type: 3}
      propertyPath: m_LocalEulerAnglesHint.x
      value: 0
      objectReference: {fileID: 0}
    - target: {fileID: 6513184584712842168, guid: 4f973c412a8d6ca4f9ea57b9a5edd43b, type: 3}
      propertyPath: m_LocalEulerAnglesHint.y
      value: 0
      objectReference: {fileID: 0}
    - target: {fileID: 6513184584712842168, guid: 4f973c412a8d6ca4f9ea57b9a5edd43b, type: 3}
      propertyPath: m_LocalEulerAnglesHint.z
      value: 0
      objectReference: {fileID: 0}
    - target: {fileID: 6513184584712842169, guid: 4f973c412a8d6ca4f9ea57b9a5edd43b, type: 3}
      propertyPath: m_FlipX
      value: 1
      objectReference: {fileID: 0}
    - target: {fileID: 6513184584712842169, guid: 4f973c412a8d6ca4f9ea57b9a5edd43b, type: 3}
      propertyPath: m_FlipY
      value: 1
      objectReference: {fileID: 0}
    - target: {fileID: 6513184584712842172, guid: 4f973c412a8d6ca4f9ea57b9a5edd43b, type: 3}
      propertyPath: m_Name
      value: Crate 1 (7)
      objectReference: {fileID: 0}
    - target: {fileID: 6513184584712842172, guid: 4f973c412a8d6ca4f9ea57b9a5edd43b, type: 3}
      propertyPath: m_Layer
      value: 7
      objectReference: {fileID: 0}
    m_RemovedComponents: []
  m_SourcePrefab: {fileID: 100100000, guid: 4f973c412a8d6ca4f9ea57b9a5edd43b, type: 3}
--- !u!1001 &669092441
PrefabInstance:
  m_ObjectHideFlags: 0
  serializedVersion: 2
  m_Modification:
    m_TransformParent: {fileID: 0}
    m_Modifications:
    - target: {fileID: 6513184584712842168, guid: 4f973c412a8d6ca4f9ea57b9a5edd43b, type: 3}
      propertyPath: m_RootOrder
      value: 9
      objectReference: {fileID: 0}
    - target: {fileID: 6513184584712842168, guid: 4f973c412a8d6ca4f9ea57b9a5edd43b, type: 3}
      propertyPath: m_LocalPosition.x
      value: 5
      objectReference: {fileID: 0}
    - target: {fileID: 6513184584712842168, guid: 4f973c412a8d6ca4f9ea57b9a5edd43b, type: 3}
      propertyPath: m_LocalPosition.y
      value: 0.5
      objectReference: {fileID: 0}
    - target: {fileID: 6513184584712842168, guid: 4f973c412a8d6ca4f9ea57b9a5edd43b, type: 3}
      propertyPath: m_LocalPosition.z
      value: 0
      objectReference: {fileID: 0}
    - target: {fileID: 6513184584712842168, guid: 4f973c412a8d6ca4f9ea57b9a5edd43b, type: 3}
      propertyPath: m_LocalRotation.w
      value: 1
      objectReference: {fileID: 0}
    - target: {fileID: 6513184584712842168, guid: 4f973c412a8d6ca4f9ea57b9a5edd43b, type: 3}
      propertyPath: m_LocalRotation.x
      value: 0
      objectReference: {fileID: 0}
    - target: {fileID: 6513184584712842168, guid: 4f973c412a8d6ca4f9ea57b9a5edd43b, type: 3}
      propertyPath: m_LocalRotation.y
      value: 0
      objectReference: {fileID: 0}
    - target: {fileID: 6513184584712842168, guid: 4f973c412a8d6ca4f9ea57b9a5edd43b, type: 3}
      propertyPath: m_LocalRotation.z
      value: 0
      objectReference: {fileID: 0}
    - target: {fileID: 6513184584712842168, guid: 4f973c412a8d6ca4f9ea57b9a5edd43b, type: 3}
      propertyPath: m_LocalEulerAnglesHint.x
      value: 0
      objectReference: {fileID: 0}
    - target: {fileID: 6513184584712842168, guid: 4f973c412a8d6ca4f9ea57b9a5edd43b, type: 3}
      propertyPath: m_LocalEulerAnglesHint.y
      value: 0
      objectReference: {fileID: 0}
    - target: {fileID: 6513184584712842168, guid: 4f973c412a8d6ca4f9ea57b9a5edd43b, type: 3}
      propertyPath: m_LocalEulerAnglesHint.z
      value: 0
      objectReference: {fileID: 0}
    - target: {fileID: 6513184584712842172, guid: 4f973c412a8d6ca4f9ea57b9a5edd43b, type: 3}
      propertyPath: m_Name
      value: Crate 1 (6)
      objectReference: {fileID: 0}
    - target: {fileID: 6513184584712842172, guid: 4f973c412a8d6ca4f9ea57b9a5edd43b, type: 3}
      propertyPath: m_Layer
      value: 7
      objectReference: {fileID: 0}
    m_RemovedComponents: []
  m_SourcePrefab: {fileID: 100100000, guid: 4f973c412a8d6ca4f9ea57b9a5edd43b, type: 3}
--- !u!1001 &788576518
PrefabInstance:
  m_ObjectHideFlags: 0
  serializedVersion: 2
  m_Modification:
    m_TransformParent: {fileID: 0}
    m_Modifications:
    - target: {fileID: 4617898653911521935, guid: 47608f0d8c8311f4888aff2e1594c679, type: 3}
      propertyPath: m_RootOrder
      value: 13
      objectReference: {fileID: 0}
    - target: {fileID: 4617898653911521935, guid: 47608f0d8c8311f4888aff2e1594c679, type: 3}
      propertyPath: m_LocalPosition.x
      value: 4.5
      objectReference: {fileID: 0}
    - target: {fileID: 4617898653911521935, guid: 47608f0d8c8311f4888aff2e1594c679, type: 3}
      propertyPath: m_LocalPosition.y
      value: 2.5
      objectReference: {fileID: 0}
    - target: {fileID: 4617898653911521935, guid: 47608f0d8c8311f4888aff2e1594c679, type: 3}
      propertyPath: m_LocalPosition.z
      value: 0
      objectReference: {fileID: 0}
    - target: {fileID: 4617898653911521935, guid: 47608f0d8c8311f4888aff2e1594c679, type: 3}
      propertyPath: m_LocalRotation.w
      value: 1
      objectReference: {fileID: 0}
    - target: {fileID: 4617898653911521935, guid: 47608f0d8c8311f4888aff2e1594c679, type: 3}
      propertyPath: m_LocalRotation.x
      value: 0
      objectReference: {fileID: 0}
    - target: {fileID: 4617898653911521935, guid: 47608f0d8c8311f4888aff2e1594c679, type: 3}
      propertyPath: m_LocalRotation.y
      value: 0
      objectReference: {fileID: 0}
    - target: {fileID: 4617898653911521935, guid: 47608f0d8c8311f4888aff2e1594c679, type: 3}
      propertyPath: m_LocalRotation.z
      value: 0
      objectReference: {fileID: 0}
    - target: {fileID: 4617898653911521935, guid: 47608f0d8c8311f4888aff2e1594c679, type: 3}
      propertyPath: m_LocalEulerAnglesHint.x
      value: 0
      objectReference: {fileID: 0}
    - target: {fileID: 4617898653911521935, guid: 47608f0d8c8311f4888aff2e1594c679, type: 3}
      propertyPath: m_LocalEulerAnglesHint.y
      value: 0
      objectReference: {fileID: 0}
    - target: {fileID: 4617898653911521935, guid: 47608f0d8c8311f4888aff2e1594c679, type: 3}
      propertyPath: m_LocalEulerAnglesHint.z
      value: 0
      objectReference: {fileID: 0}
    - target: {fileID: 4617898653911521939, guid: 47608f0d8c8311f4888aff2e1594c679, type: 3}
      propertyPath: m_Name
      value: MonsterPurpleOpen
      objectReference: {fileID: 0}
    - target: {fileID: 4617898653911521939, guid: 47608f0d8c8311f4888aff2e1594c679, type: 3}
      propertyPath: m_Layer
      value: 9
      objectReference: {fileID: 0}
    - target: {fileID: 4617898654055856898, guid: 47608f0d8c8311f4888aff2e1594c679, type: 3}
      propertyPath: m_Layer
      value: 9
      objectReference: {fileID: 0}
    m_RemovedComponents: []
  m_SourcePrefab: {fileID: 100100000, guid: 47608f0d8c8311f4888aff2e1594c679, type: 3}
--- !u!4 &788576519 stripped
Transform:
  m_CorrespondingSourceObject: {fileID: 4617898653911521935, guid: 47608f0d8c8311f4888aff2e1594c679, type: 3}
  m_PrefabInstance: {fileID: 788576518}
  m_PrefabAsset: {fileID: 0}
--- !u!4 &856412343 stripped
Transform:
  m_CorrespondingSourceObject: {fileID: 544740862522084970, guid: d6040da2582fa054ab5e559c23345eb4, type: 3}
  m_PrefabInstance: {fileID: 2133805602}
  m_PrefabAsset: {fileID: 0}
--- !u!1001 &888884160
PrefabInstance:
  m_ObjectHideFlags: 0
  serializedVersion: 2
  m_Modification:
    m_TransformParent: {fileID: 0}
    m_Modifications:
    - target: {fileID: 6513184584712842168, guid: 4f973c412a8d6ca4f9ea57b9a5edd43b, type: 3}
      propertyPath: m_RootOrder
      value: 7
      objectReference: {fileID: 0}
    - target: {fileID: 6513184584712842168, guid: 4f973c412a8d6ca4f9ea57b9a5edd43b, type: 3}
      propertyPath: m_LocalPosition.x
      value: 4
      objectReference: {fileID: 0}
    - target: {fileID: 6513184584712842168, guid: 4f973c412a8d6ca4f9ea57b9a5edd43b, type: 3}
      propertyPath: m_LocalPosition.y
      value: 0.5
      objectReference: {fileID: 0}
    - target: {fileID: 6513184584712842168, guid: 4f973c412a8d6ca4f9ea57b9a5edd43b, type: 3}
      propertyPath: m_LocalPosition.z
      value: 0
      objectReference: {fileID: 0}
    - target: {fileID: 6513184584712842168, guid: 4f973c412a8d6ca4f9ea57b9a5edd43b, type: 3}
      propertyPath: m_LocalRotation.w
      value: 1
      objectReference: {fileID: 0}
    - target: {fileID: 6513184584712842168, guid: 4f973c412a8d6ca4f9ea57b9a5edd43b, type: 3}
      propertyPath: m_LocalRotation.x
      value: 0
      objectReference: {fileID: 0}
    - target: {fileID: 6513184584712842168, guid: 4f973c412a8d6ca4f9ea57b9a5edd43b, type: 3}
      propertyPath: m_LocalRotation.y
      value: 0
      objectReference: {fileID: 0}
    - target: {fileID: 6513184584712842168, guid: 4f973c412a8d6ca4f9ea57b9a5edd43b, type: 3}
      propertyPath: m_LocalRotation.z
      value: 0
      objectReference: {fileID: 0}
    - target: {fileID: 6513184584712842168, guid: 4f973c412a8d6ca4f9ea57b9a5edd43b, type: 3}
      propertyPath: m_LocalEulerAnglesHint.x
      value: 0
      objectReference: {fileID: 0}
    - target: {fileID: 6513184584712842168, guid: 4f973c412a8d6ca4f9ea57b9a5edd43b, type: 3}
      propertyPath: m_LocalEulerAnglesHint.y
      value: 0
      objectReference: {fileID: 0}
    - target: {fileID: 6513184584712842168, guid: 4f973c412a8d6ca4f9ea57b9a5edd43b, type: 3}
      propertyPath: m_LocalEulerAnglesHint.z
      value: 0
      objectReference: {fileID: 0}
    - target: {fileID: 6513184584712842169, guid: 4f973c412a8d6ca4f9ea57b9a5edd43b, type: 3}
      propertyPath: m_FlipX
      value: 1
      objectReference: {fileID: 0}
    - target: {fileID: 6513184584712842172, guid: 4f973c412a8d6ca4f9ea57b9a5edd43b, type: 3}
      propertyPath: m_Name
      value: Crate 1 (4)
      objectReference: {fileID: 0}
    - target: {fileID: 6513184584712842172, guid: 4f973c412a8d6ca4f9ea57b9a5edd43b, type: 3}
      propertyPath: m_Layer
      value: 7
      objectReference: {fileID: 0}
    m_RemovedComponents: []
  m_SourcePrefab: {fileID: 100100000, guid: 4f973c412a8d6ca4f9ea57b9a5edd43b, type: 3}
--- !u!1001 &1350362456
PrefabInstance:
  m_ObjectHideFlags: 0
  serializedVersion: 2
  m_Modification:
    m_TransformParent: {fileID: 0}
    m_Modifications:
    - target: {fileID: 6513184584712842168, guid: 4f973c412a8d6ca4f9ea57b9a5edd43b, type: 3}
      propertyPath: m_RootOrder
      value: 20
      objectReference: {fileID: 0}
    - target: {fileID: 6513184584712842168, guid: 4f973c412a8d6ca4f9ea57b9a5edd43b, type: 3}
      propertyPath: m_LocalPosition.x
      value: 4.5
      objectReference: {fileID: 0}
    - target: {fileID: 6513184584712842168, guid: 4f973c412a8d6ca4f9ea57b9a5edd43b, type: 3}
      propertyPath: m_LocalPosition.y
      value: 1.5
      objectReference: {fileID: 0}
    - target: {fileID: 6513184584712842168, guid: 4f973c412a8d6ca4f9ea57b9a5edd43b, type: 3}
      propertyPath: m_LocalPosition.z
      value: 0
      objectReference: {fileID: 0}
    - target: {fileID: 6513184584712842168, guid: 4f973c412a8d6ca4f9ea57b9a5edd43b, type: 3}
      propertyPath: m_LocalRotation.w
      value: 1
      objectReference: {fileID: 0}
    - target: {fileID: 6513184584712842168, guid: 4f973c412a8d6ca4f9ea57b9a5edd43b, type: 3}
      propertyPath: m_LocalRotation.x
      value: 0
      objectReference: {fileID: 0}
    - target: {fileID: 6513184584712842168, guid: 4f973c412a8d6ca4f9ea57b9a5edd43b, type: 3}
      propertyPath: m_LocalRotation.y
      value: 0
      objectReference: {fileID: 0}
    - target: {fileID: 6513184584712842168, guid: 4f973c412a8d6ca4f9ea57b9a5edd43b, type: 3}
      propertyPath: m_LocalRotation.z
      value: 0
      objectReference: {fileID: 0}
    - target: {fileID: 6513184584712842168, guid: 4f973c412a8d6ca4f9ea57b9a5edd43b, type: 3}
      propertyPath: m_LocalEulerAnglesHint.x
      value: 0
      objectReference: {fileID: 0}
    - target: {fileID: 6513184584712842168, guid: 4f973c412a8d6ca4f9ea57b9a5edd43b, type: 3}
      propertyPath: m_LocalEulerAnglesHint.y
      value: 0
      objectReference: {fileID: 0}
    - target: {fileID: 6513184584712842168, guid: 4f973c412a8d6ca4f9ea57b9a5edd43b, type: 3}
      propertyPath: m_LocalEulerAnglesHint.z
      value: 0
      objectReference: {fileID: 0}
    - target: {fileID: 6513184584712842169, guid: 4f973c412a8d6ca4f9ea57b9a5edd43b, type: 3}
      propertyPath: m_FlipX
      value: 1
      objectReference: {fileID: 0}
    - target: {fileID: 6513184584712842169, guid: 4f973c412a8d6ca4f9ea57b9a5edd43b, type: 3}
      propertyPath: m_FlipY
      value: 1
      objectReference: {fileID: 0}
    - target: {fileID: 6513184584712842169, guid: 4f973c412a8d6ca4f9ea57b9a5edd43b, type: 3}
      propertyPath: m_Sprite
      value: 
      objectReference: {fileID: 21300000, guid: f887dcd05d9be1940b0557e1c0347d6b, type: 3}
    - target: {fileID: 6513184584712842172, guid: 4f973c412a8d6ca4f9ea57b9a5edd43b, type: 3}
      propertyPath: m_Name
      value: Crate 1 (11)
      objectReference: {fileID: 0}
    - target: {fileID: 6513184584712842172, guid: 4f973c412a8d6ca4f9ea57b9a5edd43b, type: 3}
      propertyPath: m_Layer
      value: 7
      objectReference: {fileID: 0}
    m_RemovedComponents: []
  m_SourcePrefab: {fileID: 100100000, guid: 4f973c412a8d6ca4f9ea57b9a5edd43b, type: 3}
--- !u!1001 &1628992305
PrefabInstance:
  m_ObjectHideFlags: 0
  serializedVersion: 2
  m_Modification:
    m_TransformParent: {fileID: 0}
    m_Modifications:
    - target: {fileID: 4617898653911521935, guid: 47608f0d8c8311f4888aff2e1594c679, type: 3}
      propertyPath: m_RootOrder
      value: 16
      objectReference: {fileID: 0}
    - target: {fileID: 4617898653911521935, guid: 47608f0d8c8311f4888aff2e1594c679, type: 3}
      propertyPath: m_LocalPosition.x
      value: 6.5
      objectReference: {fileID: 0}
    - target: {fileID: 4617898653911521935, guid: 47608f0d8c8311f4888aff2e1594c679, type: 3}
      propertyPath: m_LocalPosition.y
      value: -2.5
      objectReference: {fileID: 0}
    - target: {fileID: 4617898653911521935, guid: 47608f0d8c8311f4888aff2e1594c679, type: 3}
      propertyPath: m_LocalPosition.z
      value: 0
      objectReference: {fileID: 0}
    - target: {fileID: 4617898653911521935, guid: 47608f0d8c8311f4888aff2e1594c679, type: 3}
      propertyPath: m_LocalRotation.w
      value: 1
      objectReference: {fileID: 0}
    - target: {fileID: 4617898653911521935, guid: 47608f0d8c8311f4888aff2e1594c679, type: 3}
      propertyPath: m_LocalRotation.x
      value: 0
      objectReference: {fileID: 0}
    - target: {fileID: 4617898653911521935, guid: 47608f0d8c8311f4888aff2e1594c679, type: 3}
      propertyPath: m_LocalRotation.y
      value: 0
      objectReference: {fileID: 0}
    - target: {fileID: 4617898653911521935, guid: 47608f0d8c8311f4888aff2e1594c679, type: 3}
      propertyPath: m_LocalRotation.z
      value: 0
      objectReference: {fileID: 0}
    - target: {fileID: 4617898653911521935, guid: 47608f0d8c8311f4888aff2e1594c679, type: 3}
      propertyPath: m_LocalEulerAnglesHint.x
      value: 0
      objectReference: {fileID: 0}
    - target: {fileID: 4617898653911521935, guid: 47608f0d8c8311f4888aff2e1594c679, type: 3}
      propertyPath: m_LocalEulerAnglesHint.y
      value: 0
      objectReference: {fileID: 0}
    - target: {fileID: 4617898653911521935, guid: 47608f0d8c8311f4888aff2e1594c679, type: 3}
      propertyPath: m_LocalEulerAnglesHint.z
      value: 0
      objectReference: {fileID: 0}
    - target: {fileID: 4617898653911521939, guid: 47608f0d8c8311f4888aff2e1594c679, type: 3}
      propertyPath: m_Name
      value: MonsterPurpleOpen (3)
      objectReference: {fileID: 0}
    - target: {fileID: 4617898653911521939, guid: 47608f0d8c8311f4888aff2e1594c679, type: 3}
      propertyPath: m_Layer
      value: 9
      objectReference: {fileID: 0}
    - target: {fileID: 4617898654055856898, guid: 47608f0d8c8311f4888aff2e1594c679, type: 3}
      propertyPath: m_Layer
      value: 9
      objectReference: {fileID: 0}
    m_RemovedComponents: []
  m_SourcePrefab: {fileID: 100100000, guid: 47608f0d8c8311f4888aff2e1594c679, type: 3}
--- !u!4 &1628992306 stripped
Transform:
  m_CorrespondingSourceObject: {fileID: 4617898653911521935, guid: 47608f0d8c8311f4888aff2e1594c679, type: 3}
  m_PrefabInstance: {fileID: 1628992305}
  m_PrefabAsset: {fileID: 0}
--- !u!1001 &1635516300
PrefabInstance:
  m_ObjectHideFlags: 0
  serializedVersion: 2
  m_Modification:
    m_TransformParent: {fileID: 0}
    m_Modifications:
    - target: {fileID: 4617898653911521935, guid: 47608f0d8c8311f4888aff2e1594c679, type: 3}
      propertyPath: m_RootOrder
      value: 14
      objectReference: {fileID: 0}
    - target: {fileID: 4617898653911521935, guid: 47608f0d8c8311f4888aff2e1594c679, type: 3}
      propertyPath: m_LocalPosition.x
      value: 3.5
      objectReference: {fileID: 0}
    - target: {fileID: 4617898653911521935, guid: 47608f0d8c8311f4888aff2e1594c679, type: 3}
      propertyPath: m_LocalPosition.y
      value: 2.5
      objectReference: {fileID: 0}
    - target: {fileID: 4617898653911521935, guid: 47608f0d8c8311f4888aff2e1594c679, type: 3}
      propertyPath: m_LocalPosition.z
      value: 0
      objectReference: {fileID: 0}
    - target: {fileID: 4617898653911521935, guid: 47608f0d8c8311f4888aff2e1594c679, type: 3}
      propertyPath: m_LocalRotation.w
      value: 1
      objectReference: {fileID: 0}
    - target: {fileID: 4617898653911521935, guid: 47608f0d8c8311f4888aff2e1594c679, type: 3}
      propertyPath: m_LocalRotation.x
      value: 0
      objectReference: {fileID: 0}
    - target: {fileID: 4617898653911521935, guid: 47608f0d8c8311f4888aff2e1594c679, type: 3}
      propertyPath: m_LocalRotation.y
      value: 0
      objectReference: {fileID: 0}
    - target: {fileID: 4617898653911521935, guid: 47608f0d8c8311f4888aff2e1594c679, type: 3}
      propertyPath: m_LocalRotation.z
      value: 0
      objectReference: {fileID: 0}
    - target: {fileID: 4617898653911521935, guid: 47608f0d8c8311f4888aff2e1594c679, type: 3}
      propertyPath: m_LocalEulerAnglesHint.x
      value: 0
      objectReference: {fileID: 0}
    - target: {fileID: 4617898653911521935, guid: 47608f0d8c8311f4888aff2e1594c679, type: 3}
      propertyPath: m_LocalEulerAnglesHint.y
      value: 0
      objectReference: {fileID: 0}
    - target: {fileID: 4617898653911521935, guid: 47608f0d8c8311f4888aff2e1594c679, type: 3}
      propertyPath: m_LocalEulerAnglesHint.z
      value: 0
      objectReference: {fileID: 0}
    - target: {fileID: 4617898653911521939, guid: 47608f0d8c8311f4888aff2e1594c679, type: 3}
      propertyPath: m_Name
      value: MonsterPurpleOpen (1)
      objectReference: {fileID: 0}
    - target: {fileID: 4617898653911521939, guid: 47608f0d8c8311f4888aff2e1594c679, type: 3}
      propertyPath: m_Layer
      value: 9
      objectReference: {fileID: 0}
    - target: {fileID: 4617898654055856898, guid: 47608f0d8c8311f4888aff2e1594c679, type: 3}
      propertyPath: m_Layer
      value: 9
      objectReference: {fileID: 0}
    m_RemovedComponents: []
  m_SourcePrefab: {fileID: 100100000, guid: 47608f0d8c8311f4888aff2e1594c679, type: 3}
--- !u!4 &1635516301 stripped
Transform:
  m_CorrespondingSourceObject: {fileID: 4617898653911521935, guid: 47608f0d8c8311f4888aff2e1594c679, type: 3}
  m_PrefabInstance: {fileID: 1635516300}
  m_PrefabAsset: {fileID: 0}
--- !u!1001 &1755842215
PrefabInstance:
  m_ObjectHideFlags: 0
  serializedVersion: 2
  m_Modification:
    m_TransformParent: {fileID: 0}
    m_Modifications:
    - target: {fileID: 6513184584712842168, guid: 4f973c412a8d6ca4f9ea57b9a5edd43b, type: 3}
      propertyPath: m_RootOrder
      value: 5
      objectReference: {fileID: 0}
    - target: {fileID: 6513184584712842168, guid: 4f973c412a8d6ca4f9ea57b9a5edd43b, type: 3}
      propertyPath: m_LocalPosition.x
      value: 3.5
      objectReference: {fileID: 0}
    - target: {fileID: 6513184584712842168, guid: 4f973c412a8d6ca4f9ea57b9a5edd43b, type: 3}
      propertyPath: m_LocalPosition.y
      value: -0.5
      objectReference: {fileID: 0}
    - target: {fileID: 6513184584712842168, guid: 4f973c412a8d6ca4f9ea57b9a5edd43b, type: 3}
      propertyPath: m_LocalPosition.z
      value: 0
      objectReference: {fileID: 0}
    - target: {fileID: 6513184584712842168, guid: 4f973c412a8d6ca4f9ea57b9a5edd43b, type: 3}
      propertyPath: m_LocalRotation.w
      value: 1
      objectReference: {fileID: 0}
    - target: {fileID: 6513184584712842168, guid: 4f973c412a8d6ca4f9ea57b9a5edd43b, type: 3}
      propertyPath: m_LocalRotation.x
      value: 0
      objectReference: {fileID: 0}
    - target: {fileID: 6513184584712842168, guid: 4f973c412a8d6ca4f9ea57b9a5edd43b, type: 3}
      propertyPath: m_LocalRotation.y
      value: 0
      objectReference: {fileID: 0}
    - target: {fileID: 6513184584712842168, guid: 4f973c412a8d6ca4f9ea57b9a5edd43b, type: 3}
      propertyPath: m_LocalRotation.z
      value: 0
      objectReference: {fileID: 0}
    - target: {fileID: 6513184584712842168, guid: 4f973c412a8d6ca4f9ea57b9a5edd43b, type: 3}
      propertyPath: m_LocalEulerAnglesHint.x
      value: 0
      objectReference: {fileID: 0}
    - target: {fileID: 6513184584712842168, guid: 4f973c412a8d6ca4f9ea57b9a5edd43b, type: 3}
      propertyPath: m_LocalEulerAnglesHint.y
      value: 0
      objectReference: {fileID: 0}
    - target: {fileID: 6513184584712842168, guid: 4f973c412a8d6ca4f9ea57b9a5edd43b, type: 3}
      propertyPath: m_LocalEulerAnglesHint.z
      value: 0
      objectReference: {fileID: 0}
    - target: {fileID: 6513184584712842169, guid: 4f973c412a8d6ca4f9ea57b9a5edd43b, type: 3}
      propertyPath: m_FlipX
      value: 1
      objectReference: {fileID: 0}
    - target: {fileID: 6513184584712842169, guid: 4f973c412a8d6ca4f9ea57b9a5edd43b, type: 3}
      propertyPath: m_FlipY
      value: 1
      objectReference: {fileID: 0}
    - target: {fileID: 6513184584712842172, guid: 4f973c412a8d6ca4f9ea57b9a5edd43b, type: 3}
      propertyPath: m_Name
      value: Crate 1 (2)
      objectReference: {fileID: 0}
    - target: {fileID: 6513184584712842172, guid: 4f973c412a8d6ca4f9ea57b9a5edd43b, type: 3}
      propertyPath: m_Layer
      value: 7
      objectReference: {fileID: 0}
    m_RemovedComponents: []
  m_SourcePrefab: {fileID: 100100000, guid: 4f973c412a8d6ca4f9ea57b9a5edd43b, type: 3}
--- !u!1001 &1811715762
PrefabInstance:
  m_ObjectHideFlags: 0
  serializedVersion: 2
  m_Modification:
    m_TransformParent: {fileID: 0}
    m_Modifications:
    - target: {fileID: 6513184584712842168, guid: 4f973c412a8d6ca4f9ea57b9a5edd43b, type: 3}
      propertyPath: m_RootOrder
      value: 11
      objectReference: {fileID: 0}
    - target: {fileID: 6513184584712842168, guid: 4f973c412a8d6ca4f9ea57b9a5edd43b, type: 3}
      propertyPath: m_LocalPosition.x
      value: 5.5
      objectReference: {fileID: 0}
    - target: {fileID: 6513184584712842168, guid: 4f973c412a8d6ca4f9ea57b9a5edd43b, type: 3}
      propertyPath: m_LocalPosition.y
      value: -0.5
      objectReference: {fileID: 0}
    - target: {fileID: 6513184584712842168, guid: 4f973c412a8d6ca4f9ea57b9a5edd43b, type: 3}
      propertyPath: m_LocalPosition.z
      value: 0
      objectReference: {fileID: 0}
    - target: {fileID: 6513184584712842168, guid: 4f973c412a8d6ca4f9ea57b9a5edd43b, type: 3}
      propertyPath: m_LocalRotation.w
      value: 1
      objectReference: {fileID: 0}
    - target: {fileID: 6513184584712842168, guid: 4f973c412a8d6ca4f9ea57b9a5edd43b, type: 3}
      propertyPath: m_LocalRotation.x
      value: 0
      objectReference: {fileID: 0}
    - target: {fileID: 6513184584712842168, guid: 4f973c412a8d6ca4f9ea57b9a5edd43b, type: 3}
      propertyPath: m_LocalRotation.y
      value: 0
      objectReference: {fileID: 0}
    - target: {fileID: 6513184584712842168, guid: 4f973c412a8d6ca4f9ea57b9a5edd43b, type: 3}
      propertyPath: m_LocalRotation.z
      value: 0
      objectReference: {fileID: 0}
    - target: {fileID: 6513184584712842168, guid: 4f973c412a8d6ca4f9ea57b9a5edd43b, type: 3}
      propertyPath: m_LocalEulerAnglesHint.x
      value: 0
      objectReference: {fileID: 0}
    - target: {fileID: 6513184584712842168, guid: 4f973c412a8d6ca4f9ea57b9a5edd43b, type: 3}
      propertyPath: m_LocalEulerAnglesHint.y
      value: 0
      objectReference: {fileID: 0}
    - target: {fileID: 6513184584712842168, guid: 4f973c412a8d6ca4f9ea57b9a5edd43b, type: 3}
      propertyPath: m_LocalEulerAnglesHint.z
      value: 0
      objectReference: {fileID: 0}
    - target: {fileID: 6513184584712842169, guid: 4f973c412a8d6ca4f9ea57b9a5edd43b, type: 3}
      propertyPath: m_FlipX
      value: 1
      objectReference: {fileID: 0}
    - target: {fileID: 6513184584712842172, guid: 4f973c412a8d6ca4f9ea57b9a5edd43b, type: 3}
      propertyPath: m_Name
      value: Crate 1 (9)
      objectReference: {fileID: 0}
    - target: {fileID: 6513184584712842172, guid: 4f973c412a8d6ca4f9ea57b9a5edd43b, type: 3}
      propertyPath: m_Layer
      value: 7
      objectReference: {fileID: 0}
    m_RemovedComponents: []
  m_SourcePrefab: {fileID: 100100000, guid: 4f973c412a8d6ca4f9ea57b9a5edd43b, type: 3}
--- !u!1001 &2050166253
PrefabInstance:
  m_ObjectHideFlags: 0
  serializedVersion: 2
  m_Modification:
    m_TransformParent: {fileID: 0}
    m_Modifications:
    - target: {fileID: 4617898653911521935, guid: 47608f0d8c8311f4888aff2e1594c679, type: 3}
      propertyPath: m_RootOrder
      value: 15
      objectReference: {fileID: 0}
    - target: {fileID: 4617898653911521935, guid: 47608f0d8c8311f4888aff2e1594c679, type: 3}
      propertyPath: m_LocalPosition.x
      value: 5.5
      objectReference: {fileID: 0}
    - target: {fileID: 4617898653911521935, guid: 47608f0d8c8311f4888aff2e1594c679, type: 3}
      propertyPath: m_LocalPosition.y
      value: 2.5
      objectReference: {fileID: 0}
    - target: {fileID: 4617898653911521935, guid: 47608f0d8c8311f4888aff2e1594c679, type: 3}
      propertyPath: m_LocalPosition.z
      value: 0
      objectReference: {fileID: 0}
    - target: {fileID: 4617898653911521935, guid: 47608f0d8c8311f4888aff2e1594c679, type: 3}
      propertyPath: m_LocalRotation.w
      value: 1
      objectReference: {fileID: 0}
    - target: {fileID: 4617898653911521935, guid: 47608f0d8c8311f4888aff2e1594c679, type: 3}
      propertyPath: m_LocalRotation.x
      value: 0
      objectReference: {fileID: 0}
    - target: {fileID: 4617898653911521935, guid: 47608f0d8c8311f4888aff2e1594c679, type: 3}
      propertyPath: m_LocalRotation.y
      value: 0
      objectReference: {fileID: 0}
    - target: {fileID: 4617898653911521935, guid: 47608f0d8c8311f4888aff2e1594c679, type: 3}
      propertyPath: m_LocalRotation.z
      value: 0
      objectReference: {fileID: 0}
    - target: {fileID: 4617898653911521935, guid: 47608f0d8c8311f4888aff2e1594c679, type: 3}
      propertyPath: m_LocalEulerAnglesHint.x
      value: 0
      objectReference: {fileID: 0}
    - target: {fileID: 4617898653911521935, guid: 47608f0d8c8311f4888aff2e1594c679, type: 3}
      propertyPath: m_LocalEulerAnglesHint.y
      value: 0
      objectReference: {fileID: 0}
    - target: {fileID: 4617898653911521935, guid: 47608f0d8c8311f4888aff2e1594c679, type: 3}
      propertyPath: m_LocalEulerAnglesHint.z
      value: 0
      objectReference: {fileID: 0}
    - target: {fileID: 4617898653911521939, guid: 47608f0d8c8311f4888aff2e1594c679, type: 3}
      propertyPath: m_Name
      value: MonsterPurpleOpen (2)
      objectReference: {fileID: 0}
    - target: {fileID: 4617898653911521939, guid: 47608f0d8c8311f4888aff2e1594c679, type: 3}
      propertyPath: m_Layer
      value: 9
      objectReference: {fileID: 0}
    - target: {fileID: 4617898654055856898, guid: 47608f0d8c8311f4888aff2e1594c679, type: 3}
      propertyPath: m_Layer
      value: 9
      objectReference: {fileID: 0}
    m_RemovedComponents: []
  m_SourcePrefab: {fileID: 100100000, guid: 47608f0d8c8311f4888aff2e1594c679, type: 3}
--- !u!4 &2050166254 stripped
Transform:
  m_CorrespondingSourceObject: {fileID: 4617898653911521935, guid: 47608f0d8c8311f4888aff2e1594c679, type: 3}
  m_PrefabInstance: {fileID: 2050166253}
  m_PrefabAsset: {fileID: 0}
--- !u!1001 &2084798703
PrefabInstance:
  m_ObjectHideFlags: 0
  serializedVersion: 2
  m_Modification:
    m_TransformParent: {fileID: 0}
    m_Modifications:
    - target: {fileID: 6598309719489452432, guid: 7fa10a8774ab7e84ba826f00f91800c3, type: 3}
      propertyPath: m_Name
      value: LevelController
      objectReference: {fileID: 0}
    - target: {fileID: 6598309719489452434, guid: 7fa10a8774ab7e84ba826f00f91800c3, type: 3}
      propertyPath: m_RootOrder
      value: 17
      objectReference: {fileID: 0}
    - target: {fileID: 6598309719489452434, guid: 7fa10a8774ab7e84ba826f00f91800c3, type: 3}
      propertyPath: m_LocalPosition.x
      value: 0
      objectReference: {fileID: 0}
    - target: {fileID: 6598309719489452434, guid: 7fa10a8774ab7e84ba826f00f91800c3, type: 3}
      propertyPath: m_LocalPosition.y
      value: 0
      objectReference: {fileID: 0}
    - target: {fileID: 6598309719489452434, guid: 7fa10a8774ab7e84ba826f00f91800c3, type: 3}
      propertyPath: m_LocalPosition.z
      value: 0
      objectReference: {fileID: 0}
    - target: {fileID: 6598309719489452434, guid: 7fa10a8774ab7e84ba826f00f91800c3, type: 3}
      propertyPath: m_LocalRotation.w
      value: 1
      objectReference: {fileID: 0}
    - target: {fileID: 6598309719489452434, guid: 7fa10a8774ab7e84ba826f00f91800c3, type: 3}
      propertyPath: m_LocalRotation.x
      value: 0
      objectReference: {fileID: 0}
    - target: {fileID: 6598309719489452434, guid: 7fa10a8774ab7e84ba826f00f91800c3, type: 3}
      propertyPath: m_LocalRotation.y
      value: 0
      objectReference: {fileID: 0}
    - target: {fileID: 6598309719489452434, guid: 7fa10a8774ab7e84ba826f00f91800c3, type: 3}
      propertyPath: m_LocalRotation.z
      value: 0
      objectReference: {fileID: 0}
    - target: {fileID: 6598309719489452434, guid: 7fa10a8774ab7e84ba826f00f91800c3, type: 3}
      propertyPath: m_LocalEulerAnglesHint.x
      value: 0
      objectReference: {fileID: 0}
    - target: {fileID: 6598309719489452434, guid: 7fa10a8774ab7e84ba826f00f91800c3, type: 3}
      propertyPath: m_LocalEulerAnglesHint.y
      value: 0
      objectReference: {fileID: 0}
    - target: {fileID: 6598309719489452434, guid: 7fa10a8774ab7e84ba826f00f91800c3, type: 3}
      propertyPath: m_LocalEulerAnglesHint.z
      value: 0
      objectReference: {fileID: 0}
    - target: {fileID: 6598309719489452435, guid: 7fa10a8774ab7e84ba826f00f91800c3, type: 3}
      propertyPath: _nextLevelName
      value: Level_04
      objectReference: {fileID: 0}
    m_RemovedComponents: []
  m_SourcePrefab: {fileID: 100100000, guid: 7fa10a8774ab7e84ba826f00f91800c3, type: 3}
--- !u!1001 &2133805602
PrefabInstance:
  m_ObjectHideFlags: 0
  serializedVersion: 2
  m_Modification:
    m_TransformParent: {fileID: 0}
    m_Modifications:
    - target: {fileID: 544740862522084968, guid: d6040da2582fa054ab5e559c23345eb4, type: 3}
      propertyPath: m_Name
      value: Red Bird
      objectReference: {fileID: 0}
    - target: {fileID: 544740862522084970, guid: d6040da2582fa054ab5e559c23345eb4, type: 3}
      propertyPath: m_RootOrder
      value: 1
      objectReference: {fileID: 0}
    - target: {fileID: 544740862522084970, guid: d6040da2582fa054ab5e559c23345eb4, type: 3}
      propertyPath: m_LocalPosition.x
      value: -6
      objectReference: {fileID: 0}
    - target: {fileID: 544740862522084970, guid: d6040da2582fa054ab5e559c23345eb4, type: 3}
      propertyPath: m_LocalPosition.y
      value: 0
      objectReference: {fileID: 0}
    - target: {fileID: 544740862522084970, guid: d6040da2582fa054ab5e559c23345eb4, type: 3}
      propertyPath: m_LocalPosition.z
      value: 0
      objectReference: {fileID: 0}
    - target: {fileID: 544740862522084970, guid: d6040da2582fa054ab5e559c23345eb4, type: 3}
      propertyPath: m_LocalRotation.w
      value: 1
      objectReference: {fileID: 0}
    - target: {fileID: 544740862522084970, guid: d6040da2582fa054ab5e559c23345eb4, type: 3}
      propertyPath: m_LocalRotation.x
      value: 0
      objectReference: {fileID: 0}
    - target: {fileID: 544740862522084970, guid: d6040da2582fa054ab5e559c23345eb4, type: 3}
      propertyPath: m_LocalRotation.y
      value: 0
      objectReference: {fileID: 0}
    - target: {fileID: 544740862522084970, guid: d6040da2582fa054ab5e559c23345eb4, type: 3}
      propertyPath: m_LocalRotation.z
      value: 0
      objectReference: {fileID: 0}
    - target: {fileID: 544740862522084970, guid: d6040da2582fa054ab5e559c23345eb4, type: 3}
      propertyPath: m_LocalEulerAnglesHint.x
      value: 0
      objectReference: {fileID: 0}
    - target: {fileID: 544740862522084970, guid: d6040da2582fa054ab5e559c23345eb4, type: 3}
      propertyPath: m_LocalEulerAnglesHint.y
      value: 0
      objectReference: {fileID: 0}
    - target: {fileID: 544740862522084970, guid: d6040da2582fa054ab5e559c23345eb4, type: 3}
      propertyPath: m_LocalEulerAnglesHint.z
      value: 0
      objectReference: {fileID: 0}
    m_RemovedComponents: []
  m_SourcePrefab: {fileID: 100100000, guid: d6040da2582fa054ab5e559c23345eb4, type: 3}
--- !u!1001 &6513184585275580399
PrefabInstance:
  m_ObjectHideFlags: 0
  serializedVersion: 2
  m_Modification:
    m_TransformParent: {fileID: 0}
    m_Modifications:
    - target: {fileID: 6513184584712842168, guid: 4f973c412a8d6ca4f9ea57b9a5edd43b, type: 3}
      propertyPath: m_RootOrder
      value: 3
      objectReference: {fileID: 0}
    - target: {fileID: 6513184584712842168, guid: 4f973c412a8d6ca4f9ea57b9a5edd43b, type: 3}
      propertyPath: m_LocalPosition.x
      value: 4.5
      objectReference: {fileID: 0}
    - target: {fileID: 6513184584712842168, guid: 4f973c412a8d6ca4f9ea57b9a5edd43b, type: 3}
      propertyPath: m_LocalPosition.y
      value: -2.5
      objectReference: {fileID: 0}
    - target: {fileID: 6513184584712842168, guid: 4f973c412a8d6ca4f9ea57b9a5edd43b, type: 3}
      propertyPath: m_LocalPosition.z
      value: 0
      objectReference: {fileID: 0}
    - target: {fileID: 6513184584712842168, guid: 4f973c412a8d6ca4f9ea57b9a5edd43b, type: 3}
      propertyPath: m_LocalRotation.w
      value: 1
      objectReference: {fileID: 0}
    - target: {fileID: 6513184584712842168, guid: 4f973c412a8d6ca4f9ea57b9a5edd43b, type: 3}
      propertyPath: m_LocalRotation.x
      value: 0
      objectReference: {fileID: 0}
    - target: {fileID: 6513184584712842168, guid: 4f973c412a8d6ca4f9ea57b9a5edd43b, type: 3}
      propertyPath: m_LocalRotation.y
      value: 0
      objectReference: {fileID: 0}
    - target: {fileID: 6513184584712842168, guid: 4f973c412a8d6ca4f9ea57b9a5edd43b, type: 3}
      propertyPath: m_LocalRotation.z
      value: 0
      objectReference: {fileID: 0}
    - target: {fileID: 6513184584712842168, guid: 4f973c412a8d6ca4f9ea57b9a5edd43b, type: 3}
      propertyPath: m_LocalEulerAnglesHint.x
      value: 0
      objectReference: {fileID: 0}
    - target: {fileID: 6513184584712842168, guid: 4f973c412a8d6ca4f9ea57b9a5edd43b, type: 3}
      propertyPath: m_LocalEulerAnglesHint.y
      value: 0
      objectReference: {fileID: 0}
    - target: {fileID: 6513184584712842168, guid: 4f973c412a8d6ca4f9ea57b9a5edd43b, type: 3}
      propertyPath: m_LocalEulerAnglesHint.z
      value: 0
      objectReference: {fileID: 0}
    - target: {fileID: 6513184584712842169, guid: 4f973c412a8d6ca4f9ea57b9a5edd43b, type: 3}
      propertyPath: m_Sprite
      value: 
      objectReference: {fileID: 21300000, guid: f887dcd05d9be1940b0557e1c0347d6b, type: 3}
    - target: {fileID: 6513184584712842172, guid: 4f973c412a8d6ca4f9ea57b9a5edd43b, type: 3}
      propertyPath: m_Name
      value: Crate 1
      objectReference: {fileID: 0}
    - target: {fileID: 6513184584712842172, guid: 4f973c412a8d6ca4f9ea57b9a5edd43b, type: 3}
      propertyPath: m_Layer
      value: 7
      objectReference: {fileID: 0}
    m_RemovedComponents: []
  m_SourcePrefab: {fileID: 100100000, guid: 4f973c412a8d6ca4f9ea57b9a5edd43b, type: 3}
